2040 3100
234 148 295 190 24
829 130 1296 191 TRINVMMVS.
1371 130 1425 176 II
1452 146 1497 189 4,
1531 131 1787 191 130—161
1819 125 1909 194 [A]

145 277 207 307 130
229 263 410 312 Tribus
446 261 594 311 tantis
630 261 699 310 illi
737 262 899 310 minus
935 259 1143 327 re[d]dit
1181 277 1333 324 quam
1372 260 1638 310 obse‘ueris.
1813 273 1910 323 530

230 348 324 393 PH.
401 346 492 392 Em
534 345 643 392 istic
680 352 877 406 oportet
916 342 1078 405 opseri
1118 345 1280 392 mores
1321 344 1493 402 malos,

230 426 279 476 Si
317 426 367 474 in
405 426 685 489 opserendo
722 424 915 487 possint
951 423 1196 474 interfieri.

235 511 425 558 <ST.>
491 509 668 570 Neque
701 511 940 569 umquam
973 505 1300 569 quisquamst,
1330 506 1509 568 quoius
1541 505 1623 556 ille
1656 507 1772 570 ager
1803 504 1909 564 fuit,

232 589 365 652 Quin
406 591 635 652 pessume
674 588 718 637 ei
755 604 831 637 res
868 586 1085 636 uorterit.
1156 575 1373 650 'quorum
1409 587 1515 646 fuit,

142 693 202 724 135
230 670 330 718 Alii
368 671 621 719 exulatum
659 669 900 730 abierunt,
942 667 1024 716 alii
1063 669 1288 726 emortui,
1812 681 1906 731 535

232 751 329 799 Alii
368 768 420 800 se
456 751 772 813 suspendere.
854 766 934 799 em
973 766 1107 798 nunc
1143 749 1224 798 hic
1263 748 1440 812 quoius
1478 759 1565 809 est,

231 835 298 882 Vt
336 834 401 882 ad
437 832 612 880 incitas
648 833 909 881 redactust.
993 833 1086 879 ΡΗ.
1140 833 1311 894 Apage
1347 848 1378 879 a
1416 847 1496 880 me
1535 832 1684 879 istum
1723 847 1907 894 agrum.

233 916 311 963 ST.
388 915 549 977 Magis
590 915 800 976 ‘apage'
838 912 990 973 dicas,
1029 911 1067 960 si
1105 912 1274 961 omnia
1310 929 1370 961 ex
1407 928 1488 961 me
1526 911 1786 962 audiueris.

234 997 365 1044 Nam
402 994 660 1058 fulguritae
699 999 813 1043 sunt
853 996 1070 1043 alternae
1106 993 1110 1059 Ι
1141 993 1371 1043 arbores:

146 1105 208 1135 140
232 1079 354 1126 Sues
393 1076 669 1125 moriuntur
706 1073 886 1138 angina
917 1073 922 1140 Ι
955 1077 1238 1124 ace'rrume:
1815 1089 1912 1139 540

232 1159 366 1208 Oue's
397 1161 599 1207 scabrae
632 1168 760 1216 sunt,
789 1159 890 1205 tam
923 1159 1137 1220 glabrae,
1168 1174 1262 1216 em,
1289 1174 1440 1221 quam
1471 1158 1596 1206 haee
1620 1158 1694 1206 est
1719 1172 1911 1215 manus,

231 1243 363 1288 Tum
400 1239 568 1288 aute'm
606 1241 851 1301 Syrorum,
890 1239 1045 1302 genus
1083 1241 1217 1302 quod
1255 1239 1732 1302 patientissumumst

235 1323 532 1382 Hominum,
572 1338 721 1371 nemo
758 1330 918 1370 exstat
954 1323 1036 1384 qui
1075 1322 1143 1371 ibi
1181 1338 1264 1370 sex
1300 1338 1496 1371 menses
1533 1321 1740 1371 uixerit:

234 1403 312 1451 Ita
347 1401 511 1449 cuncti
549 1400 791 1449 solstitiali
829 1401 1006 1449 morbo
1042 1400 1295 1450 decidunt.

151 1504 209 1534 ¹45
234 1486 329 1531 PH.
404 1483 570 1532 Credo
618 1483 711 1545 ego
759 1481 901 1540 istuc,
952 1480 1176 1540 Stasime,
1227 1483 1295 1530 ita
1341 1483 1477 1530 esse:
1526 1482 1613 1529 sed
1662 1479 1914 1543 Campans

366 1581 522 1627 genus
1819 1575 1912 1624 545

236 1645 402 1694 Multo'
438 1646 670 1708 Syrorum
707 1644 805 1693 iam
842 1644 1019 1692 antidit
1059 1643 1311 1707 patientia.

233 1729 333 1776 Sed
369 1726 506 1775 istest
546 1743 660 1789 ager
697 1727 934 1789 profecto,
976 1735 1029 1774 ut
1067 1736 1116 1774 te
1153 1725 1323 1774 audiui
1360 1726 1511 1788 loqui,

236 1809 400 1858 Malos
437 1808 487 1856 in
526 1824 678 1870 quem
718 1824 892 1857 omnes
931 1807 1130 1870 publice
1170 1808 1298 1856 mitti
1337 1809 1493 1857 decet.

149 1909 212 1939 τεο
234 1890 369 1939 Sicut
407 1889 769 1938 fortunatorum
809 1897 1089 1938 memorant
1125 1889 1324 1948 insulas,

235 1972 350 2033 Quo
388 1970 569 2031 cuncti,
611 1970 695 2033 qui
734 1980 946 2020 aetatem
987 1970 1173 2034 egerint
1212 1972 1346 2019 caste
1385 1987 1540 2029 suam,
1819 1983 1915 2032 550

235 2053 582 2103 Conueniant:
631 2061 804 2100 contra
840 2051 966 2101 istoc
1003 2051 1200 2101 detrudi
1235 2050 1488 2100 maleficos

234 2135 466 2197 Aequom
504 2134 715 2193 uidetur,
753 2135 838 2197 qui
875 2134 1077 2195 quidem
1112 2133 1252 2182 istius
1289 2134 1350 2181 sit
1387 2132 1535 2181 modi.

236 2216 315 2263 ST.
390 2214 732 2277 Hospitiumst
769 2211 1091 2262 calamitatis:
1141 2211 1262 2275 quid
1298 2213 1461 2260 uerbis
1498 2213 1684 2274 opust?

149 2316 212 2347 155
237 2298 481 2358 Quamuis
518 2299 700 2345 malam
736 2313 840 2346 rem
877 2298 1101 2359 quaeras,
1139 2294 1238 2343 illic
1273 2294 1500 2357 reperias.

236 2381 330 2428 PH.
406 2382 471 2428 At
507 2389 560 2428 tu
596 2380 762 2428 hercle
799 2388 848 2428 et
883 2378 951 2426 illi
988 2389 1036 2426 et
1073 2377 1203 2426 alibi.
1277 2378 1357 2426 ST.
1409 2377 1548 2426 Caue
1583 2375 1648 2424 sis
1684 2376 1866 2425 dixeris

238 2464 326 2511 Me
361 2462 449 2511 tibi
487 2461 669 2511 dixisse
704 2463 814 2511 hoc.
889 2463 983 2509 PH.
1039 2459 1218 2509 Dixisti
1253 2458 1435 2508 arcano
1472 2458 1603 2507 satis.
1819 2459 1915 2522 556

235 2544 316 2592 ST.
390 2543 526 2604 Quin
562 2542 850 2606 hicquidem
886 2542 1021 2605 cupit
1058 2542 1195 2590 illum
1233 2541 1297 2590 ab
1333 2557 1386 2590 se
1421 2539 1754 2598 abalienarier,

234 2625 437 2685 Siquem
474 2624 685 2686 reperire
721 2624 894 2687 possit,
932 2624 1052 2687 quoi
1088 2639 1146 2672 os
1182 2623 1412 2672 sublinat.

148 2713 212 2744 160
240 2708 330 2753 ΡΗ.
408 2705 761 2768 Meusquidem
805 2706 969 2755 hercle
1013 2720 1287 2768 numquam
1329 2704 1428 2752 fiet.
1519 2703 1598 2751 ST.
1663 2701 1712 2750 Si
1754 2701 1915 2765 sapies

369 2785 640 2848 quidem-—

236 2866 428 2930 Lepide
465 2867 628 2917 he'rcle
665 2867 729 2917 de
763 2885 881 2931 agro
918 2884 1012 2931 ego
1049 2869 1181 2917 hiinc
1216 2883 1385 2917 senem
1423 2864 1663 2916 deterrui:
1815 2867 1914 2929 560
