2040 3100
27 107 81 223 ᾗ
147 138 199 186 11
226 153 270 197 4,
300 138 498 199 34-64
525 133 614 202 [A]
748 137 1213 184 TRJNVMMVS.
1759 153 1815 184 21

147 269 318 316 Meum
355 266 458 315 fieri
495 283 691 316 seruom
727 270 843 315 crim
879 283 968 315 suo
1005 267 1217 330 peculio.

81 371 123 404 ³⁵
150 352 356 397 <PH.>
421 351 573 397 Erum
609 347 759 411 atque
795 365 990 397 seruom
1027 349 1305 411 plurumum
1347 348 1511 398 Philt6
1548 348 1685 397 iubet
1724 362 1819 410 435

145 433 356 490 Saluere,
397 431 731 479 Lesbonicum
768 438 817 478 et
853 429 1135 478 Stasimum.
1210 433 1298 478 LE.
1359 432 1425 478 Di
1461 431 1602 479 duint

145 512 273 573 Tibi,
317 513 495 571 Philto,
534 527 916 574 quaequomque
954 512 1108 573 optes.
1184 512 1306 574 quid
1342 514 1440 575 agit
1476 512 1644 560 filius?

146 595 237 642 ΡΗ.
314 595 449 642 Bene
484 594 588 642 udlt
624 592 727 642 tibi.
814 595 902 640 LE.
966 594 1161 655 Edepol
1199 597 1421 643 mutuom
1460 597 1656 642 mecum
1693 592 1821 642 facit.

151 676 341 724 <ST.>
417 676 648 737 Nequam
675 674 797 722 illud
822 674 1076 722 uerbumst
1103 681 1114 700 ‘
1132 675 1258 723 bene
1283 676 1427 733 uolt',
1455 674 1549 723 nisi
1579 674 1663 738 qui
1697 675 1824 724 bene

279 755 406 804 facit.

83 868 125 898 40
148 835 270 905 [Sta]
343 839 452 900 Ego
477 837 678 900 qu6que
702 839 819 886 uolo
845 853 952 886 esse
978 838 1130 887 liber:
1168 838 1471 901 nequiquam
1497 839 1628 887 uolo.
1726 855 1824 898 440

151 919 249 967 Hic
285 919 502 982 pestulet
536 919 660 982 frugi
697 919 818 975 esse,
856 936 1011 982 nugas
1049 920 1280 981 pestulet.

148 1004 242 1050 ΡΗ.
317 1003 462 1050 Meus
498 1000 676 1065 gnzitus
712 1018 792 1050 me
828 1002 893 1049 ad
929 1010 978 1050 te
1013 1000 1159 1059 misit,
1198 1001 1325 1050 inter
1361 1011 1409 1050 te
1445 1000 1596 1065 atque
1631 1017 1724 1049 nos

148 1081 470 1132 Adfinitatem
508 1092 562 1131 ut
599 1082 911 1131 conciliarem
950 1092 998 1130 et
1033 1080 1250 1144 gretiam.

147 1167 308 1213 Tuam
344 1164 449 1212 uolt
487 1180 703 1212 sororem
741 1164 923 1211 ducere
958 1179 1190 1211 uxorem:
1239 1165 1287 1212 et
1325 1163 1444 1211 mihi

85 1271 126 1302 45
148 1244 399 1295 Sententia
435 1245 658 1293 eademst
696 1247 743 1292 et
779 1245 906 1291 uolo.
985 1245 1071 1290 LE.
1139 1244 1258 1291 Hau
1294 1245 1449 1293 nosce
1487 1253 1657 1293 tuom:
1729 1259 1823 1308 445

150 1326 303 1375 Bonis
340 1324 435 1373 tuis
471 1326 617 1374 rebus
655 1324 789 1373 meas
827 1340 902 1373 res
939 1323 1122 1372 inrides
1159 1326 1325 1373 malas.

151 1410 244 1456 PH.
314 1409 488 1457 Homo
522 1409 615 1470 ego
650 1423 773 1466 sum,
810 1408 964 1455 homo
998 1407 1118 1456 tu's:
1157 1408 1224 1455 ita
1257 1424 1336 1456 me
1369 1408 1554 1458 amabit
1589 1408 1825 1472 Iuppiter,

150 1493 328 1554 Neque
366 1491 412 1539 te
448 1489 663 1538 derisum
700 1488 916 1538 aduenio
953 1505 1117 1552 neque
1154 1490 1358 1553 dignum
1396 1501 1530 1554 puto.

149 1574 334 1622 Verum
371 1570 468 1620 h6e
504 1572 643 1634 quod
681 1569 794 1628 dixi,
833 1572 972 1619 meus
1011 1586 1090 1620 me
1127 1569 1284 1619 orauit
1320 1571 1465 1630 filius,

88 1676 133 1706 50
149 1656 218 1703 Vt
254 1652 388 1703 tua'tm
425 1669 642 1702 sororem
680 1652 937 1715 poscerem
974 1654 1174 1702 uxorem
1213 1653 1323 1702 sibi.
1732 1668 1829 1716 450

151 1737 240 1783 LE.
317 1737 543 1784 Meartim
581 1751 662 1783 me
697 1750 857 1783 rerum
893 1733 1095 1783 nduisse
1129 1744 1390 1796 aequomst
1427 1734 1667 1784 6rdinem.

151 1808 282 1870 Cum
317 1818 484 1867 nostra
520 1826 688 1866 nostra
723 1817 825 1866 non
862 1827 936 1866 est
972 1832 1133 1879 aequa
1168 1816 1348 1878 saletio:

154 1898 475 1948 Adfinitatem
514 1899 658 1948 uobis
694 1897 842 1946 aliam
878 1897 1110 1960 quaerite.

153 1982 233 2030 ST.
304 1981 441 2030 Satin
477 1979 569 2028 tu's
606 1995 753 2027 sanus
790 1978 969 2028 mentis
1004 1987 1089 2027 aut
1124 1978 1277 2026 animi
1314 1978 1400 2037 tui,

93 2086 131 2117 55
155 2060 254 2125 Qui
290 2061 639 2111 condicionem
676 2061 806 2109 hanc
842 2059 1106 2123 repudies?
1154 2069 1270 2107 nam
1306 2059 1445 2108 illum
1482 2060 1570 2109 tibi
1732 2075 1827 2124 455

155 2145 194 2192 F
197 2142 490 2193 erentarium
527 2159 634 2192 esse
670 2143 886 2190 amicum
922 2141 1182 2190 inuentum
1220 2141 1468 2205 intellego.

157 2227 246 2275 LE.
318 2225 418 2274 Abi
449 2224 564 2273 hinc
598 2226 828 2273 diereete.
889 2226 965 2272 ST.
1011 2223 1059 2271 Si
1090 2224 1253 2272 hercle
1285 2223 1355 2272 ire
1387 2223 1646 2287 occipiam‚
1673 2235 1830 2274 uotes.

158 2309 244 2356 LE.
318 2305 427 2355 Nisi
463 2307 585 2369 quid
621 2322 700 2355 me
737 2305 870 2354 aliud
908 2305 996 2361 uis,
1035 2306 1216 2365 Philto,
1254 2307 1488 2367 respondi
1525 2306 1625 2354 tibi.

158 2390 250 2436 ΡΗ.
324 2387 691 2450 Benigniorem,
730 2386 1023 2444 Lesbonice,
1063 2386 1111 2434 te
1147 2386 1282 2445 mihi,

94 2481 135 2514 60
159 2470 321 2531 Quam
357 2470 491 2517 minc
528 2468 752 2531 experior
788 2470 910 2527 esse,
947 2468 1147 2516 confido
1184 2469 1318 2517 fore:
1734 2471 1832 2528 460

158 2553 286 2599 Nam
325 2560 374 2599 et
409 2551 556 2598 stulte
590 2550 750 2598 facere
787 2558 835 2598 et
871 2549 1019 2597 stulte
1054 2548 1327 2607 fabularier,

158 2633 447 2694 Vtrumque,
489 2632 778 2689 Lesbonice,
817 2630 869 2678 in
905 2639 1067 2678 aetate
1104 2631 1201 2678 hau
1237 2631 1488 2678 bonumst.

158 2712 237 2760 ST.
309 2713 495 2760 Verum
531 2712 695 2760 hercle
731 2710 811 2759 hic
846 2709 980 2759 dicit.
1055 2713 1143 2758 LE.
1207 2695 1421 2760 &culum
1459 2727 1552 2774 ego
1589 2713 1832 2761 ecfodiam

294 2793 396 2852 tibi,

160 2875 210 2923 Si
245 2876 449 2925 uerbum
486 2874 750 2924 addideris.
825 2876 903 2923 ST.
957 2876 1142 2924 Hercle
1178 2876 1261 2938 qui
1299 2874 1461 2924 dicem
1500 2886 1697 2924 tamen:
