2040 3100
156 128 239 176 111
267 145 313 190 3,
347 141 506 190 5-37
535 124 657 192 [8—
681 123 748 192 A]
826 125 1294 174 TRJNVMMVS.
1767 138 1828 184 33

112 281 130 312 5
154 257 271 306 Sine
307 258 440 315 dote,
481 274 632 319 quom
675 258 780 305 eius
818 256 921 304 re'm
961 272 1116 319 penes
1152 273 1233 305 me
1272 257 1484 304 habeam
1523 255 1674 304 domi.

154 338 1296 369 ************

154 419 1500 469 ME·*※※※*※※※*※※※

0 167 36 229 ξς

0 289 25 339 ³³3.

154 502 327 552 Parata
365 503 456 551 dos
492 501 707 551 domist:
756 501 851 550 nisi
887 500 1146 564 expectare
1186 500 1278 560 uis,

152 587 220 633 Vt
257 586 366 633 eam
407 584 512 633 sine
551 586 670 633 dote
708 582 854 632 frater
893 592 1101 646 nuptum
1140 582 1402 633 conlocet:
1737 596 1829 644 735

7 666 11 667 ⁷
92 685 132 708 10
153 669 272 716 Post
309 666 458 716 adeas
496 676 600 715 tute
639 667 920 714 Philtonem
958 674 1007 714 et
1044 665 1214 714 dotem
1251 666 1368 714 dare

151 750 226 797 Te
265 748 309 796 ei
348 748 499 806 dicas,
538 749 697 797 facere
736 747 787 796 id
825 750 929 796 eius
967 748 1032 796 ob
1073 746 1338 796 amicitiam
1377 747 1541 810 patris.

151 832 337 879 Verum
375 830 473 879 hoc
511 846 604 893 ego
641 846 826 889 uereor,
867 846 929 878 ne
968 830 1122 878 istaec
1160 828 1454 892 pollicitatio

151 914 226 960 Te
264 912 315 959 in
354 912 538 960 crimen
578 912 767 973 populo
805 911 960 973 ponat
998 920 1147 972 atque
1184 908 1451 973 infamiam.

153 995 273 1041 Non
308 994 491 1042 temere
530 993 698 1041 dicant
735 996 783 1042 te
820 992 1090 1055 benignum
1128 991 1334 1055 uirgini:
1736 1005 1832 1053 740

10 1105 25 1128 4
89 1088 127 1119 15
152 1075 334 1123 Datam
373 1074 462 1123 tibi
501 1075 686 1131 dotem,
727 1075 772 1124 ei
808 1073 959 1138 quam
996 1075 1152 1133 dares,
1193 1075 1299 1124 eius
1338 1072 1367 1122 a
1404 1083 1573 1136 patre:

152 1158 230 1205 Ex
267 1156 326 1205 ea
360 1156 519 1220 largiri
555 1166 604 1206 te
642 1157 725 1217 illi,
769 1174 930 1220 neque
968 1158 1050 1217 ita,
1091 1167 1143 1206 ut
1183 1158 1244 1206 sit
1281 1158 1412 1215 data,

151 1237 415 1289 Colume'm
451 1247 500 1287 te
538 1238 706 1288 sistere
746 1239 829 1299 ssli,
870 1248 920 1288 et
959 1241 1160 1288 detraxe
1195 1243 1469 1288 autument.

153 1321 301 1368 Nunc
340 1320 380 1368 si
419 1319 632 1382 opperiri
671 1322 746 1369 uis
784 1321 1056 1369 aduentum
1097 1319 1367 1379 Charmidi,

119 1403 524 1466 .Perlongumst:
573 1403 687 1451 huic
727 1402 946 1452 ducendi
985 1403 1172 1451 interea
1211 1401 1505 1451 abscesserit
1736 1414 1828 1463 745

86 1510 129 1532 20
151 1484 379 1544 Lubid03
427 1494 577 1547 atque
613 1501 671 1534 ea
707 1483 937 1533 condicio
976 1483 1091 1532 huic
1126 1486 1206 1533 uel
1242 1483 1531 1547 primariast.

151 1567 241 1616 CA.
316 1568 448 1615 Nam
486 1568 650 1616 hercle
689 1566 858 1616 omnia
894 1565 1047 1615 istaec
1084 1566 1294 1615 ueniunt
1332 1566 1384 1614 in
1422 1567 1641 1616 mentem
1677 1565 1811 1614 mihi.

150 1648 282 1704 Vide
319 1649 358 1698 si
397 1651 493 1700 hoc
531 1649 702 1699 utibile
739 1648 896 1713 magis
936 1659 1085 1712 atque
1124 1650 1175 1698 in
1211 1666 1314 1699 rem
1353 1651 1577 1713 deputas,

149 1732 217 1779 Vt
257 1729 463 1798 [ipsum]
501 1730 678 1781 adeam
715 1732 1067 1792 Lesbonicum,
1102 1732 1343 1780 edoceam
1381 1740 1433 1780 ut
1467 1733 1541 1780 res
1581 1748 1633 1780 se
1663 1733 1829 1780 habet.

149 1813 246 1862 Sed
283 1817 417 1860 nunc
455 1829 548 1877 ego
586 1813 889 1862 adulesce'nti
930 1813 1251 1861 thensaurum
1288 1813 1504 1862 indicem
1736 1827 1831 1874 750

87 1914 127 1946 25
151 1893 422 1952 Indomito,
461 1895 611 1956 pleno
651 1892 831 1942 amoris
870 1910 928 1942 ac
965 1893 1234 1942 lasciuiae?

152 1973 287 2042 [LY.]
361 1974 604 2032 Minume',
645 1974 870 2023 minume
907 1975 1073 2023 hercle
1112 1977 1260 2023 uero:
1311 1991 1427 2022 nam
1466 1975 1602 2023 certo
1644 1974 1763 2032 scio,

152 2059 342 2106 Locum
380 2073 579 2119 quoque
617 2056 754 2104 illum
794 2072 1010 2113 ornnem,
1047 2057 1132 2104 ubi
1171 2055 1327 2113 situst,
1365 2055 1648 2105 come‘derit.

152 2139 316 2200 Quem
352 2138 522 2187 fodere
559 2147 741 2198 metuo,
780 2138 996 2188 sonitum
1035 2154 1099 2187 ne
1136 2137 1219 2187 ille
1252 2137 1499 2197 exaudiat,

153 2221 265 2268 Neu
299 2236 403 2268 rem
443 2221 599 2283 ipsam
638 2220 853 2284 indaget,
892 2221 1065 2270 dotem
1105 2222 1222 2270 dare
1262 2220 1301 2269 si
1338 2220 1559 2270 dixerim.
1735 2235 1827 2285 755

89 2325 130 2356 30
153 2303 258 2350 ΜΕ.
332 2303 447 2364 Quo
482 2300 629 2365 pacto
666 2318 782 2366 ergo
818 2302 962 2365 igitur
996 2303 1124 2351 clam
1162 2303 1254 2351 dos
1292 2304 1518 2366 depromi
1555 2306 1757 2366 potest?

152 2385 244 2435 CA.
318 2386 452 2433 Dum
491 2383 687 2434 occasio
723 2384 768 2434 ei
810 2384 988 2433 <rei>
1027 2385 1310 2448 reperiatur,
1350 2384 1547 2434 interim

152 2464 230 2512 Ab
266 2465 428 2513 amico
463 2465 696 2513 alicunde
731 2465 957 2514 mutuom
995 2468 1254 2528 argentum
1290 2481 1472 2528 rogem.

154 2546 259 2594 ΜΕ.
334 2546 482 2595 Potin
519 2549 592 2596 est
628 2549 693 2596 ab
729 2548 892 2596 amico
928 2546 1160 2596 alicunde
1196 2548 1422 2596 exorari?
1495 2548 1586 2597 CA.
1644 2549 1829 2597 Potest.

157 2628 374 2675 <ΜΕ.>
448 2629 633 2678 Gerrae
653 2649 662 2679 :
706 2645 768 2678 ne
805 2639 858 2678 tu
894 2628 1017 2677 illud
1052 2628 1260 2677 uerbum
1297 2637 1520 2677 actutum
1555 2628 1831 2679 inueneris:

90 2728 128 2757 35
153 2712 164 2733 ‘
185 2708 312 2756 Mihi
348 2709 550 2772 quidem
586 2712 750 2760 hercle
786 2711 890 2759 non
926 2719 1000 2759 est
1038 2710 1173 2772 quod
1210 2710 1327 2758 dem
1364 2710 1622 2760 mutuom.’
1736 2714 1826 2772 761

152 2789 244 2838 CA.
298 2792 495 2838 ‘Malim
531 2791 693 2840 hercle
727 2800 779 2839 ut
814 2807 986 2839 uerum
1020 2791 1171 2848 dicas,
1199 2805 1349 2851 quam
1377 2800 1429 2838 ut
1455 2791 1543 2839 des
1569 2793 1828 2839 mutuom)

155 2873 256 2919 ME.
330 2873 428 2921 Sed
464 2873 581 2921 uide
616 2871 894 2931 consilium,
935 2873 975 2920 si
1011 2873 1185 2935 placet.
1261 2872 1349 2919 CA.
1396 2871 1532 2932 Quid
1571 2871 1831 2921 consilist?
