2040 3100
132 119 216 167 III
246 135 287 177 2,
322 133 511 180 12—-37
542 115 631 183 [A]
726 117 1197 166 TRJNVMMVS.
1744 132 1805 177 29

132 253 217 299 LE.
293 251 500 297 Nullum
549 248 842 297 beneficium
885 247 993 296 esse
1037 248 1167 296 duco
1207 247 1273 307 id,
1318 247 1455 309 quod
1496 246 1614 309 quoi
1656 247 1806 295 facias

263 329 362 378 n6n
402 331 577 392 placet.
1122 379 1125 382 ,
1563 324 1566 327 ’

131 412 266 482 [Lv.]
335 414 447 461 Scio
495 429 588 476 ego
639 421 687 461 et
734 411 894 461 sentio
946 412 1052 474 ipse
1093 410 1216 473 quid
1258 428 1414 474 agam,
1461 413 1624 473 neque
1667 426 1806 459 mens

265 495 428 545 officio
465 495 655 558 migrat,

132 580 238 628 Nec
274 577 370 627 tuis
406 577 626 640 depellar
659 576 803 625 dictis
839 577 969 639 quin‘
994 575 1177 625 rumori
1213 575 1436 625 se‘ruiam.
1709 577 1807 633 640

70 679 109 710 1⁵
131 662 218 709 ΙΝ.
293 659 428 722 Quid
464 660 573 709 ais?
610 675 724 707 nam
761 658 958 708 retineri
994 675 1191 722 nequeo
1229 660 1349 721 quin
1386 658 1549 708 dicam
1587 673 1646 707 ea
1681 673 1808 720 quae

264 742 543 804 promeres:

131 811 316 889 I'tan[e]
353 823 557 871 tandem
599 823 729 871 hanc
770 820 979 871 maiores
1021 822 1205 869 famam
1243 820 1549 871 tradiderunt
1587 820 1676 869 tibi
1719 820 1805 879 tui,

128 883 196 953 <st
231 903 408 952 uirtute
444 919 614 952 eorum
650 901 906 964 anteparta
942 903 1028 964 per
1062 900 1301 965 flagitium
1339 902 1609 964 perderes?

127 973 294 1049 Atque
329 985 506 1034 honori
541 985 852 1048 posterorum
887 984 1084 1033 tuorum
1121 992 1174 1032 ut
1211 983 1398 1033 uindex
1432 984 1594 1043 fieres,

128 1068 244 1116 Tibi
281 1075 517 1129 paterque
552 1066 774 1128 auosque
810 1064 1003 1113 facilem
1039 1064 1154 1113 fecit
1191 1073 1240 1113 et
1275 1062 1476 1127 planam
1513 1063 1646 1112 uiam
1708 1067 1804 1126 645

65 1169 108 1192 20
129 1136 209 1198 Ad
245 1150 590 1212 quaerundum
626 1149 897 1197 honorem:
945 1157 998 1196 tu
1035 1147 1193 1196 fecisti
1230 1156 1282 1196 ut
1319 1147 1530 1196 difficilis
1565 1148 1704 1207 foret,

130 1232 294 1293 Culpa
329 1246 559 1279 maxume
595 1231 643 1279 e‘t
680 1228 871 1279 desidia
906 1230 1105 1292 tuisque
1142 1227 1302 1277 stultis
1339 1228 1570 1277 moribus.

131 1312 488 1376 Praeoptauisti
523 1313 743 1362 amorem
782 1321 920 1361 tuom
958 1311 1030 1360 uti
1067 1310 1235 1360 uirtuti
1270 1311 1632 1374 praeponeres:

130 1397 279 1445 Nunc
315 1404 364 1444 te
400 1396 497 1444 hoc
529 1396 660 1444 facto
694 1393 853 1444 credis
886 1409 1032 1456 posse
1066 1396 1300 1456 optegere
1335 1395 1527 1442 errata?
1563 1393 1670 1451 aha,
1706 1392 1809 1441 non

261 1477 389 1526 itast.

131 1559 270 1621 Cape
294 1557 358 1606 sis
383 1557 615 1606 uirtutem
639 1556 807 1605 animo
832 1565 881 1605 et
906 1556 1057 1604 corde
1082 1557 1274 1618 expelle
1299 1555 1544 1604 desidiam
1570 1564 1673 1605 tuo.
1710 1558 1808 1618 650

67 1659 108 1691 2⁵
131 1626 192 1695 sn
216 1641 323 1689 foro
349 1656 549 1703 operam
576 1638 747 1687 amicis
773 1639 852 1698 da,
879 1655 943 1687 ne
969 1638 1017 1686 in
1053 1640 1182 1686 lecto
1216 1638 1419 1697 amicae,
1450 1649 1502 1687 ut
1535 1639 1707 1687 solitus
1740 1655 1805 1687 es.

129 1709 295 1785 Atque
337 1737 430 1784 ego
472 1721 620 1769 istum
661 1737 831 1783 agrum
874 1719 962 1768 tibi
1003 1719 1215 1781 relinqui
1258 1720 1325 1769 ob
1368 1736 1479 1769 eam
1522 1736 1624 1769 rem
1665 1719 1810 1769 enixe

262 1805 455 1866 expet0‚

129 1866 196 1932 <st
230 1883 320 1932 tibi
356 1883 418 1932 sit
454 1882 539 1946 qui
574 1884 622 1932 te':
657 1881 898 1945 corrigere
934 1881 1125 1944 possis:
1177 1898 1240 1931 ne
1276 1882 1485 1931 omnino
1521 1882 1740 1946 inopiam

130 1967 280 2016 Ciues
319 1964 568 2014 obiectare
605 1963 797 2026 possint
837 1963 942 2022 tibi,
984 1980 1109 2026 quos
1147 1972 1199 2012 tu
1238 1963 1466 2013 inimicos
1504 1964 1670 2012 habes.

130 2049 216 2096 LE.
291 2032 475 2096 &mnia
525 2061 617 2109 ego
668 2045 822 2094 istaec
874 2047 1002 2108 quae
1057 2055 1110 2094 tu
1165 2044 1289 2094 dixti
1343 2046 1462 2106 scio,
1523 2045 1602 2093 uel
1657 2045 1811 2107 exsig-

144 2189 159 2204 Ι
262 2130 459 2187 nauem,
1712 2129 1806 2189 655

67 2234 110 2265 30
129 2210 196 2259 Vt
232 2226 336 2259 rem
375 2208 582 2272 patriam
623 2218 671 2257 et
709 2207 917 2271 gloriam
957 2208 1199 2257 maiorum
1240 2209 1481 2257 foedarim
1521 2224 1703 2256 meum.

130 2292 325 2341 Scibam
367 2301 419 2339 ut
459 2305 566 2338 esse
603 2289 684 2338 me
723 2289 936 2345 deceret,
975 2290 1138 2338 facere
1177 2305 1281 2338 non
1319 2289 1524 2351 quibam
1563 2289 1740 2338 miser:

132 2357 208 2420 lta
244 2371 294 2420 ui
330 2370 537 2420 Veneris
574 2372 786 2429 uinctus,
824 2370 928 2419 otio
964 2369 1109 2434 aptus
1148 2370 1198 2418 in
1237 2372 1461 2419 fraudem
1499 2370 1682 2421 incidi:

131 2439 195 2502 Et
233 2453 322 2502 tibi
357 2469 504 2511 nunc,
542 2454 753 2515 proinde
791 2456 845 2501 rit
881 2469 1082 2512 merere,
1125 2457 1342 2501 summas
1383 2454 1545 2502 habeo
1582 2452 1772 2516 gratias.

130 2537 218 2584 Lv.
290 2522 358 2584 At
390 2550 593 2598 operam
627 2535 783 2597 perire
817 2551 979 2582 meam
1015 2534 1084 2582 sic
1118 2537 1167 2583 et
1199 2544 1248 2583 te
1284 2535 1408 2582 haec
1447 2532 1620 2600 [dicta]
1658 2535 1810 2583 corde

182 2611 186 2614 ⁶
262 2619 492 2681 spernere
1712 2619 1809 2666 660

67 2720 107 2751 35
131 2698 325 2761 Perpeti
362 2699 586 2761 nequeo:
636 2697 782 2746 simul
823 2714 904 2747 me
939 2699 1073 2761 piget
1110 2715 1281 2761 parum
1320 2700 1506 2761 pude're
1545 2709 1605 2748 te.

131 2767 194 2829 Et
229 2791 495 2844 postremo,
535 2781 628 2829 nisi
665 2782 731 2829 mi
772 2782 1019 2829 auscultas
1059 2779 1208 2843 atque
1248 2782 1344 2829 hoc
1381 2790 1435 2829 ut
1472 2781 1587 2830 dico
1626 2781 1757 2839 facis,

128 2864 256 2912 Tute
292 2878 426 2924 pone
461 2864 508 2912 te
545 2861 734 2922 latebis,
774 2860 916 2911 facile
954 2877 1017 2910 ne
1056 2860 1278 2910 inueniat
1320 2872 1368 2910 te
1406 2862 1597 2911 honor:
