2014 3094
1784 100 1876 170 [A]

816 469 1238 524 PROLOGVS

745 639 989 687 LVXVRIA
1127 639 1319 688 INOPIA

191 769 277 814 Lv.
351 767 566 827 Sequere
602 763 694 811 hac
730 779 824 820 me,
863 771 1024 825 gnata,
1063 770 1117 810 ut
1154 765 1335 811 munus
1370 762 1586 825 fungaris
1623 770 1779 811 tuom.

197 850 388 895 <IN.>
464 845 682 907 Sequor:
729 844 817 893 sed
854 845 1003 892 finem
1040 843 1143 892 fore
1181 859 1332 906 quem
1368 842 1534 892 dicam
1571 842 1754 892 nescio.

195 931 396 976 <Lv.>
472 925 657 974 Adest:
707 941 787 974 em
823 924 935 973 illae
971 934 1087 973 sunt
1123 925 1301 973 aedes:
1349 923 1367 973 i
1402 923 1532 972 intro
1569 922 1819 971 nunciam.

1504 1002 1660 1071 [Exit
1678 1007 1870 1068 Inopia.

192 1093 354 1149 Nunc,
392 1087 568 1152 nequis
607 1096 731 1137 erret
767 1087 1004 1146 uostrum,
1043 1085 1213 1150 paucis
1250 1087 1301 1134 in
1337 1085 1471 1134 uiam

193 1173 467 1230 Deducam,
507 1171 547 1219 si
583 1169 786 1233 quidem
824 1170 1027 1232 operam
1066 1170 1183 1218 dare
1219 1168 1517 1232 promittitis.
1843 1182 1868 1232 5

190 1255 339 1301 Nunc
375 1251 521 1315 igitur
556 1249 768 1314 primum
806 1250 935 1314 quae
971 1266 1064 1313 ego
1101 1249 1193 1299 sim
1230 1260 1279 1299 et
1316 1266 1445 1312 quae
1481 1249 1623 1299 illaec
1659 1249 1768 1309 siet,

194 1336 310 1381 Huc
347 1348 474 1395 quae
510 1332 631 1381 abiit
665 1331 809 1392 intro,
848 1331 1028 1390 dicam,
1067 1331 1108 1380 si
1143 1331 1365 1379 animum
1403 1330 1677 1381 aduortitis.

191 1415 409 1463 Primum
447 1413 568 1462 mihi
605 1415 809 1462 Plautus
844 1413 1030 1462 nomen
1070 1413 1314 1461 Luxuriae
1350 1412 1560 1462 indidit:

189 1497 320 1543 Tum
352 1492 358 1560 Ι
390 1495 520 1542 hanc
556 1492 677 1541 mihi
712 1502 913 1556 gnatam
951 1496 1059 1541 esse
1094 1492 1251 1542 uoluit
1290 1479 1533 1557 inopiam.

189 1579 286 1627 Sed
323 1593 382 1626 ea
416 1577 513 1625 hlic
548 1575 670 1639 quid
706 1574 946 1624 introierit
981 1576 1181 1638 inpulsu
1218 1560 1345 1636 meo,
1811 1592 1871 1624 10

190 1659 418 1722 Accipite
454 1668 502 1708 et
538 1660 655 1708 date
691 1659 897 1708 uociuas
934 1658 1061 1707 auris
1099 1660 1217 1708 dum
1258 1659 1476 1722 eloquor.

193 1740 497 1790 Adulescens
535 1740 802 1803 quidamst,
841 1742 928 1803 qui
963 1740 1015 1789 in
1051 1741 1186 1790 hisce
1223 1741 1412 1791 habitat
1448 1741 1685 1793 aedibus:

192 1826 241 1871 Is
277 1823 379 1871 re‘m
418 1832 672 1885 paternam
710 1839 791 1872 me
827 1822 1065 1872 adiutrice
1102 1823 1331 1886 perdidit.

190 1904 442 1967 Quoniam
480 1905 538 1963 ei,
578 1903 663 1967 qui
699 1921 780 1952 me
815 1906 980 1966 aleret,
1020 1906 1089 1952 nil
1126 1905 1277 1954 uideo
1313 1922 1422 1955 esse
1457 1905 1641 1965 relicui,

191 1986 323 2035 Dedi
361 1987 406 2035 ei
443 2002 607 2034 meam
642 1987 858 2048 gnatam,
897 1986 1100 2049 quicum
1137 1997 1351 2036 aetatem
1391 1988 1564 2051 exigat.
1809 2003 1866 2052 15

188 2069 287 2118 Sed
322 2069 386 2117 de
421 2069 712 2132 argumento
750 2085 813 2117 ne
849 2068 1142 2132 exspectetis
1178 2068 1405 2118 fabulae:

190 2153 344 2200 Senes
381 2152 463 2213 qui
501 2153 598 2199 huc
633 2150 851 2210 uenient,
889 2152 936 2200 ei
971 2167 1074 2200 rem
1112 2151 1256 2200 uobis
1291 2152 1527 2215 aperient.

192 2233 327 2282 Huic
365 2235 555 2282 Graece
590 2249 774 2282 nomen
814 2235 888 2282 est
925 2235 1219 2282 Thensauro
1254 2233 1479 2284 fabulae:

190 2314 414 2363 Phile'mo
452 2313 673 2376 scripsit:
724 2315 927 2363 Plautus
965 2314 1114 2363 uortit
1149 2312 1367 2374 barbare,

188 2397 387 2445 Nomen
423 2396 719 2443 Trinummo
755 2394 884 2444 fecit.
958 2412 1092 2443 nunc
1129 2397 1224 2445 hoc
1261 2396 1353 2445 uos
1389 2405 1529 2459 rogat
1805 2415 1866 2445 20

186 2480 253 2526 Vt
290 2479 435 2526 liceat
472 2477 726 2540 possidere
761 2479 891 2527 hanc
927 2494 1109 2527 nomen
1149 2477 1385 2527 fabulam.

186 2559 230 2604 T
235 2561 467 2605 antumst.
541 2559 735 2615 ualete;
782 2559 953 2607 adeste
989 2575 1101 2606 cum
1141 2559 1350 2609 silentio.
1697 2557 1862 2626 [Exit.
