2040 3100
18 46 24 156 ῗ
168 91 219 138 ΙΙ
249 108 291 148 2,
323 105 514 154 21—45
546 88 634 156 [A]
775 91 1241 138 TRJNVMMVS.
1785 101 1840 150 15

35 271 60 289 ι,
169 219 287 269 Meo
323 220 477 268 modo
514 228 562 268 et
599 219 821 269 moribus
857 219 1013 269 uiuito
1050 219 1297 282 antiquis:
1749 232 1841 282 295

36 295 58 354 3?
170 302 312 363 Quae
349 301 440 364 ego
478 300 566 349 tibi
602 300 868 363 praecipio,
907 302 966 350 ea
1002 300 1165 349 facito.

88 370 94 375 ’
172 383 252 430 Nil
288 398 380 445 ego
418 381 539 430 istos
579 397 743 429 moror
781 381 976 430 faeceos
1017 382 1194 439 mores,

171 458 476 528 [Turbidos]‚
515 461 693 524 quibus
730 461 850 511 boni
886 463 1192 511 dedecorant
1229 464 1340 511 sese.

107 559 148 591 2⁵
173 544 312 592 Haec
348 542 437 591 tibi
473 543 513 591 si
546 559 656 592 mea
690 543 898 607 imperia
928 559 1171 607 capesses,
1208 544 1363 591 multa
1396 544 1530 591 bona
1561 543 1612 590 in
1644 552 1847 605 pectore

301 625 575 674 consident.
1599 642 1710 688 299,
1750 642 1846 687 300

0 753 3 812 Ι
171 709 255 756 LY.
300 709 534 839 lSerppter
565 723 658 770 ego
691 723 848 770 usque
881 708 946 756 ad
978 707 1108 756 hanc
1140 716 1353 756 aetatem
1391 708 1455 755 ab
1493 708 1696 755 ineunte
1732 707 1850 755 adu-

0 823 1 840 }
319 806 401 839 esc
435 806 464 837 n
491 805 538 837 1a

171 871 289 919 Tuis
325 870 504 919 seruiui
541 869 825 919 seruitutem
862 868 1094 932 imperiis,
1134 867 1226 936 [et]
1264 870 1558 932 praeceptiS,
1597 879 1748 933 pater.

170 954 265 1000 Pro
290 950 488 1014 ingenio
514 966 606 1013 ego
631 966 712 998 me
736 951 946 998 liberum
973 966 1080 999 esse
1105 951 1236 998 ratus
1262 966 1389 1009 sum,
1410 966 1502 1012 pro
1526 949 1735 1013 imperio
1761 959 1848 999 tuo

171 1034 345 1082 Meum
379 1031 600 1080 animum
637 1031 728 1080 tibi
764 1031 1049 1080 seruitutem
1087 1029 1268 1079 seruire
1305 1046 1519 1093 aequom
1557 1030 1742 1079 ce'nsui.

16 1105 47 1135 ·’
110 1127 151 1158 30
175 1116 379 1162 <ΡΗ.>
455 1114 555 1175 Qui
601 1113 755 1161 homo
802 1129 917 1160 cum
965 1114 1134 1161 animo
1175 1111 1292 1160 inde
1335 1110 1399 1160 ab
1442 1112 1645 1160 ineunte
1688 1113 1850 1161 aetate

303 1196 553 1259 depugnat
588 1211 695 1253 suo,
1751 1209 1845 1258 305

170 1263 344 1327 Vtrum
380 1277 515 1326 itane
548 1293 655 1326 esse
689 1276 891 1325 mauelit
923 1286 978 1324 ut
1010 1292 1125 1325 eum
1159 1274 1353 1324 animus
1385 1291 1599 1338 aequom
1633 1277 1849 1335 ce'nseat,

171 1348 252 1410 Ᾰη
286 1361 354 1410 ita
388 1360 555 1424 potius
592 1364 646 1409 ut
682 1359 899 1423 parentis
936 1363 1050 1408 eum
1089 1375 1198 1408 esse
1234 1367 1283 1408 et
1320 1359 1518 1422 cognati
1556 1358 1741 1408 uelint:

171 1443 220 1492 Si
243 1442 436 1492 animus
462 1441 714 1490 hominem
740 1440 945 1504 pepulit,
966 1450 1192 1500 actumst,
1214 1439 1382 1490 animo
1408 1439 1572 1500 seruit,
1600 1440 1701 1489 non
1728 1439 1820 1488 sibi
1841 1458 1851 1488 :

171 1524 220 1575 Si
255 1526 361 1588 ipse
397 1523 617 1572 animum
654 1524 861 1586 pepulit,
896 1524 1015 1572 dum
1053 1523 1190 1582 uiuit,
1226 1524 1386 1572 uictor
1421 1522 1664 1570 uictorum
1702 1523 1849 1571 cluet.

110 1614 150 1647 ³⁵
171 1607 249 1654 Tu
292 1606 331 1654 si
373 1604 591 1653 animum
634 1603 797 1653 uicisti
839 1604 1004 1666 potius
1046 1620 1195 1666 quam
1238 1602 1434 1652 animus
1482 1613 1545 1664 te,
1591 1612 1665 1652 est
1713 1603 1852 1666 quod

25 1675 27 1677 ¹
177 1682 180 1685 ’
303 1688 534 1751 gaudeas.
665 1676 676 1681 χ
1215 1690 1218 1691 ’
1753 1702 1852 1747 310

173 1769 343 1819 Nimio
379 1768 564 1827 satiust,
601 1772 655 1817 tit
691 1777 838 1832 opust
876 1777 924 1818 te
960 1768 1029 1818 ita
1064 1771 1188 1828 esse,
1215 1785 1364 1831 quam
1402 1777 1456 1817 ut
1492 1767 1662 1816 animo
1698 1768 1850 1817 lubet.

172 1850 292 1917 (Qui
316 1850 535 1900 animum
562 1851 783 1910 uincunt,
810 1851 959 1913 quam
984 1868 1111 1914 quos
1141 1851 1348 1912 animus,
1376 1851 1572 1914 se'mper
1594 1850 1853 1915 probiores

305 1935 509 1998 cluent.)

174 2019 262 2066 Lv,
337 2003 498 2066 istaec
541 2032 633 2080 ego
677 2015 796 2063 mihi
840 2016 1035 2078 semper
1076 2014 1226 2064 habui
1267 2014 1417 2065 aetati
1456 2014 1851 2078 integumentum

306 2114 462 2157 meae,

174 2182 253 2232 Ne
278 2190 587 2245 penetrarem
611 2197 693 2229 me
717 2181 940 2243 usquam,
969 2179 1056 2229 ubi
1085 2189 1214 2229 esset
1245 2179 1415 2228 damni
1449 2178 1850 2239 conciliabulum,

113 2279 154 2311 ⁴0
177 2264 254 2312 Ne
273 2271 424 2312 noctu
443 2261 564 2311 irem
584 2260 959 2310 obambulatum
980 2262 1078 2310 neu
1099 2277 1243 2310 suom
1263 2260 1532 2311 adimerem
1552 2260 1704 2321 alteri,
1756 2276 1851 2325 315

158 2332 289 2395 'Neu
324 2343 414 2392 tibi
450 2341 824 2406 aegritudinem,
863 2352 1014 2406 pater,
1059 2343 1296 2405 parerem,
1334 2340 1464 2404 parsi
1500 2342 1703 2391 se'dulo:

174 2425 311 2476 Sarta
344 2434 478 2475 tecta
512 2428 597 2474 tua
631 2434 896 2487 praecepta
931 2441 1088 2487 usque
1124 2423 1275 2473 habui
1311 2440 1423 2473 mea
1458 2424 1713 2473 modestia.

180 2511 387 2558 <ΡΗ.>
463 2509 598 2570 Quid
641 2509 905 2571 exprobras
947 2508 1077 2556 bene
1119 2508 1256 2570 quod
1298 2506 1495 2555 fecisti?
1547 2506 1637 2555 tibi
1678 2506 1853 2568 fecisti,

308 2591 410 2641 n6n
448 2589 596 2639 mihi:

180 2671 306 2722 Mihi
341 2673 545 2736 quidem
582 2684 717 2722 aetas
753 2671 910 2722 actast
945 2674 1112 2729 ferme,
1146 2676 1232 2721 tua
1266 2671 1395 2720 istuc
1430 2673 1575 2719 refert
1608 2673 1853 2720 maxume.

116 2771 156 2812 ,45
180 2751 323 2821 [ΡΗ.]
395 2741 445 2803 ss
470 2757 692 2817 probust,
718 2770 868 2817 quern
901 2753 1121 2816 paenitet
1153 2769 1303 2816 quam
1337 2752 1523 2816 probus
1557 2752 1618 2801 sit
1653 2762 1701 2801 et
1734 2754 1857 2816 frugi

312 2837 504 2887 bonae:
1758 2852 1856 2897 320
