2040 3100
225 143 284 172 20
826 127 1294 176 TRJNVMMVS.
1462 128 1513 174 11
1542 144 1587 186 4,
1617 141 1744 190 5-3
1752 143 1780 189 3
1807 124 1897 192 [A]

176 265 194 295 s
219 252 295 298 ST.
374 252 684 312 Comessum,
734 261 985 315 expotum,
1031 257 1433 313 exu<nc>tum,
1482 256 1669 304 elotum
1718 254 1771 302 in
1818 254 1899 303 ba:-

354 333 522 384 lineis:

219 416 455 477 Piscator,
493 417 647 480 pistor
682 415 898 480 apstulit,
936 416 1069 478 lanii,
1107 418 1269 481 coqui,

223 501 491 559 Holitores,
531 500 830 563 myropolae,
869 502 1117 562 aucupes:
1165 501 1318 549 confit
1355 501 1484 550 cito:

220 585 338 632 Non
374 584 538 632 he'rcle
573 581 736 629 minus
773 579 970 629 diuorse
1005 580 1287 630 distrahitur
1321 581 1437 642 cito,

219 665 385 727 Quam
423 666 463 713 s1'
499 673 551 712 tu
589 663 777 713 obicias
813 663 1030 712 formicis
1067 665 1382 726 papaiuerem.
1799 683 1898 726 410

157 766 196 788 ιο
221 749 310 795 LE.
388 746 560 795 Minus
595 747 761 795 hercle
798 745 848 793 in
885 745 990 794 istis
1026 746 1171 795 rebus
1208 755 1507 809 sumptumst
1544 750 1628 796 sex
1663 747 1820 796 minis.

218 831 295 878 ST.
372 828 522 891 Quid,
563 828 698 891 quod
736 826 916 876 dedisti
953 828 1162 877 scortis?
1234 831 1321 876 LE.
1376 828 1571 878 Ibidem
1609 828 1709 878 unzi
1739 830 1896 878 traho.

218 911 334 962 ST.†
405 911 555 973 Quid,
596 911 735 974 quod
777 927 871 973 ego
913 910 1207 960 defrudaui?
1277 913 1365 959 LE.
1430 913 1542 972 Em,
1579 910 1734 961 istaec
1774 911 1899 961 ratio

353 991 644 1041 maixumast.

217 1076 298 1124 ST.
372 1077 492 1124 Non
529 1074 619 1124 tibi
654 1074 775 1122 illud
811 1076 1063 1138 apparere,
1102 1075 1139 1123 si
1178 1073 1359 1134 sumais,
1398 1083 1578 1138 potest,

218 1156 330 1206 Nisi
366 1166 419 1206 tu
454 1159 713 1207 inmortale
749 1159 852 1207 rere
889 1174 997 1207 esse
1033 1161 1291 1221 argentum
1329 1156 1433 1207 tibi.
1800 1170 1896 1220 415

154 1252 193 1282 1⁵
219 1241 314 1286 PH.
389 1239 507 1288 Sero
543 1240 692 1302 atque
729 1240 890 1300 stulte,
932 1240 1065 1302 prius
1105 1240 1243 1301 quod
1281 1247 1483 1287 cautum
1522 1238 1756 1302 oportuit,

220 1321 492 1383 Postqueim
529 1320 749 1370 comedit
788 1322 905 1379 rem,
944 1329 1057 1383 post
1095 1319 1338 1368 rationem
1374 1328 1526 1383 putat.

221 1404 309 1450 LE.
386 1403 717 1465 Nequaiquam
755 1401 943 1465 argenti
979 1400 1103 1450 raitio
1138 1402 1375 1464 conparet
1415 1410 1594 1450 tamen.

220 1486 296 1533 ST.
373 1484 525 1534 Ratio‘
565 1484 768 1547 quidem
809 1485 973 1533 hercle
1010 1482 1245 1547 appa'tret:
1294 1492 1552 1548 argentum
1590 1482 1781 1549 οἴχεται.

224 1563 389 1613 Μίῐιέῑε
426 1565 752 1629 quadraginta
786 1564 1021 1628 &recepisti
1060 1581 1090 1613 a
1129 1564 1349 1625 Caillicle,
1801 1581 1899 1625 420

154 1668 196 1690 20
223 1649 286 1695 Et
323 1646 403 1695 ille
442 1647 579 1696 aedis
616 1647 867 1710 mancipio
903 1648 992 1710 eips
1028 1656 1076 1695 te
1113 1645 1344 1709 aceepit?
1414 1648 1503 1695 LE.
1555 1632 1866 1695 Admodum.

220 1732 314 1777 PH.
389 1731 480 1779 Pol
519 1727 739 1796 opino[r]
779 1729 957 1778 adfinis
997 1729 1162 1779 no'ster
1201 1728 1338 1777 aedis
1374 1728 1631 1790 uendidit,

222 1814 365 1862 Pater
400 1830 555 1876 quom
592 1830 792 1877 peregre
829 1813 1011 1874 ueniet,
1049 1812 1101 1861 in
1137 1812 1327 1877 portaist
1361 1815 1516 1874 locus,

223 1894 330 1943 Nisi
367 1895 491 1944 forte
526 1895 577 1943 in
614 1904 840 1944 uentrem
877 1895 981 1944 filio
1017 1894 1334 1958 conrepserit.

220 1978 296 2025 ST.
373 1977 664 2041 Trapezitae
701 1977 834 2027 mille
870 1978 1252 2027 drachumarum
1290 1975 1671 2044 Olympico[m]‚
1802 1992 1897 2041 425

152 2073 191 2103 25
221 2061 356 2121 Quas
393 2061 454 2109 de'
489 2059 681 2109 ratione
716 2059 999 2118 dehibuisti,
1036 2060 1271 2110 redditae.

222 2142 310 2188 LE.
387 2143 583 2204 Nempe
623 2140 744 2204 queis
784 2141 1046 2205 spopondi.
1119 2142 1198 2190 ST.
1257 2141 1423 2190 Immo
1467 2145 1617 2202 ‘quas
1656 2139 1902 2203 dependi'

354 2221 546 2285 inquito
1782 2228 1904 2282 427³

221 2301 355 2370 [Qua
391 2303 659 2367 sponsione
695 2304 947 2367 pronuper
981 2312 1035 2352 tu
1073 2304 1274 2352 exaictus
1311 2301 1400 2368 es]
1778 2318 1839 2361 42
1852 2300 1902 2364 7b

221 2386 316 2432 Pro
352 2385 436 2433 illo
473 2385 806 2443 adulescente,
846 2384 996 2447 que'm
1036 2394 1087 2432 tu
1125 2400 1232 2432 esse
1268 2383 1405 2432 aibas
1442 2381 1660 2432 diuitem.

225 2468 426 2514 <LE.>
503 2469 725 2515 Factum.
821 2469 900 2516 ST.
965 2450 1032 2515 Vt
1082 2465 1285 2530 quidem
1336 2465 1460 2515 illud
1509 2464 1719 2528 pe'rierit.
1809 2466 1899 2512 LE.

356 2549 563 2596 Factum
599 2549 651 2596 id
687 2558 963 2611 quoquest:

156 2648 198 2678 30
222 2631 352 2678 Nam
379 2634 513 2678 minc
537 2647 652 2679 eum
677 2631 780 2680 uidi
806 2633 1040 2680 miserum
1067 2640 1115 2681 et
1141 2648 1221 2680 me
1247 2630 1351 2679 eius
1379 2628 1709 2678 miseritumst.
1803 2645 1902 2692 430

222 2712 301 2759 ST.
377 2711 579 2761 Miseret
615 2722 663 2761 te
699 2713 921 2772 aliorum,
962 2714 1032 2760 tui
1069 2728 1161 2762 nec
1198 2711 1396 2760 miseret
1430 2711 1525 2759 nec
1560 2711 1727 2774 pudet.

225 2794 318 2839 PH.
381 2793 626 2854 Tempust
651 2792 882 2840 adeundi.
949 2795 1037 2840 LE.
1085 2778 1240 2840 Estne
1266 2793 1346 2839 hic
1365 2790 1528 2839 Philto
1553 2790 1639 2853 qui
1662 2789 1906 2840 aduenit?

223 2875 273 2921 Is
310 2872 521 2922 herclest
556 2872 701 2936 ipsus.
791 2875 870 2922 ST.
935 2860 1131 2937 Edepol
1167 2890 1230 2922 ne
1267 2889 1360 2937 ego
1397 2872 1547 2922 istiim
1584 2872 1732 2922 uelim
